@article{mandelbrot,
	title={Forecasts of Future Prices, Unbiased Markets, and 
		`Martingale' Models},
	author="Benoit Mandelbrot",
	journal="Journal of Business",
	volume=39,
	year=1966,
	pages="pp. 242--255",

}

@article{samuelson,
	title={Proof that Properly Anticipated Prices
		Fluctuate Randomly},
	author="Paul A. Samuelson",
	journal="Industrial Management Review",
	volume=6,
	year=1965,
	month="Spring",
	pages="pp. 41--49",
}

@incollection{bachelier,
	title={Th\'{e}orie de la speculation},
	author="L.J.B. Bachelier",
	crossref={cootner-book},
	pages="17--78",
	year=1900,
}

@book{cootner-book,
	booktitle={The Random Character of Stock Market Prices},
	editor="Paul H. Cootner",
	year=1964,
	publisher="M.I.T. Press",
	address="Cambridge, Massachusettes",
}

@article{fama70,
	title={Efficient Capital Markets:  A Review of
		Theory and Empirical Work},
	author="Eugene F. Fama",
	journal="Journal of Finance",
	volume=25,
	month=may,
	year=1970,
	pages="pp. 383--417",
}

@article{fama65,
	title={The Behavior of Stock Market Prices},
	author="Eugene F. Fama",
	journal="Journal of Business",
	volume=38,
	month=jan,
	year=1965,
	pages="pp. 34--105",
}

@article{famaetal69,
	title={The Adjustment of Stock Prices to New
		Information},
	author="Eugene F. Fama and Lawrence Fisher and
		Michael C. Jensen and Richard Roll",
	journal="International Economic Review",
	volume=10,
	month=feb,
	year=1969,
	pages="pp. 1--26",
}

@article{smith78,
	title={The Effect of Intervaling on Estimating
		Parameters of the Capital Asset Pricing Model},
	author="Keith V. Smith",
	journal="Journal of Financial and Quantitative
		Analysis",
	volume=13,
	number=2,
	month=jun,
	year=1978,
	pages="pp. 313--332",
}

@article{bowman83,
	title={Understanding and Conducting Event Studies},
	author="Robert G. Bowman",
	journal="Journal of Business Finance and Accounting",
	volume=10,
	number=4,
	year=1983,
	pages="pp. 561--584",
}

@article{henderson,
	title={Problems and Solutions in Conducting Event Studies},
	author="Glen V. Henderson, Jr.",
	journal="Journal of Risk and Insurance",
	volume=57,
	number=2,
	pages="pp. 282--306",
	year=1990,
	month=jun,
}

@article{brownwarner83,
	title={Using Daily Stock Returns:  The Case of Event Studies},
	author="Stephen J. Brown and Jerold B. Warner",
	journal="Journal of Financial Economics",
	volume=14,
	year=1985,
	pages="pp. 3--31",
}

@article{dimson79,
	title={Risk Measurement When Shares are Subject to Infrequent
	Trading},
	author="Elroy Dimson",
	journal="Journal of Financial Economics",
	volume=7,
	year=1979,
	pages="pp. 197--226",
}

@article{hillmeryu79,
	title={The Market Speed of Adjustment to New Information},
	author="S.C. Hillmer and P.L. Yu",
	journal="Journal of Financial Economics",
	volume=7,
	year=1979,
	pages="pp. 321--345",
}

@article{dyckman84,
	title={A Comparison of Event Study Methodologies Using 
		Daily Stock Returns:  A Simulation Approach},
	author="Thomas Dyckman and Donna Philbrick and Jens
		Stephan",
	journal="Journal of Accounting Research (supplement)",
	volume=22,
	year=1984,
	pages="pp. 1--30",
}

@article{fama91,
	title={Efficient Capital Markets:  II},
	author="Eugene F. Fama",
	journal="Journal of Finance",
	volume="XLVI",
	number=5,
	year=1991,
	month=dec,
}

@article{scholes77,
	title={Estimating Betas from Nonsynchronous Data},
	author="Myron Scholes and Joseph Williams",
	journal="Journal of Financial Economics",
	volume=5,
	year=1977,
	pages="pp. 309--327",
}

@article{fabozzi78,
	title={Beta as a Random Coefficient},
	author="Frank J. Fabozzi and Jack Clark Francis",
	journal="Journal of Financial and Quantitative Analysis",
	volume=13,
	number=1,
	month=mar,
	year=1978,
	pages="pp. 101--116",
}

@article{roenfeldt78,
	title={Further Evidence on the Stationarity of Beta
		Coefficients},
	author="Rodney L. Roenfeldt and Gary L.
		Friepentrog and Christopher C. Pflaum",
	journal="Journal of Financial and Quantitative Analysis",
	volume=13,
	number=1,
	month=mar,
	year=1978,
	pages="pp. 117--121",
}

@article{gooding77,
	title={Market Phase and the Stationarity of Beta},
	author="Arthur E. Gooding and Terence P. O'Malley",
	journal="Journal of Financial and Quantititative Analysis",
	volume=12,
	number=5,
	month=dec,
	year=1977,
	pages="pp. 833--857",
}

@book{copeland,
	title={Financial Theory and Corporate Policy},
	author="Thomas E. Copeland and J. Fred Weston",
	publisher="Addison-Wesley",
	address="Reading, Massachusetts",
	year=1988,
}

@article{sharpe64,
	title={Capital Asset Prices:  A Theory of Market
	Equilibrium Under Conditions of Risk},
	author="William F. Sharpe",
	journal="Journal of Finance",
	volume=9,
	month=sep,
	year=1964,
	pages="pp. 425--442",
}

@article{lintner65,
	title={Security Prices, Risk, and Maximal Gains From
	Diversification},
	author="John Lintner",
	journal="Journal of Finance",
	month=dec,
	year=1965,
	number=4,
	volume=20,
	pages="pp. 587--615",
}

% Challenger stuff

@book{lewis,
	title={Challenger:  The Final Voyage},
	author="Richard S. Lewis",
	publisher="Columbia University Press",
	year=1988,
	address="New York",
}       

@book{rogers,
	title={Report of the Presidential Commission on the Space
		Shuttle {\rm Challenger} Accident},
	author="{Presidential Commission}",
	publisher="United States Government Printing Office",
	year=1986,
	volume="1--5",
	address="Washington, D.C.",
}

@book{senateoversight,
	title={Oversight of the National Aeronautics and Space
		Administration's Space Shuttle Redesign Activities},
	author="{United States Senate}, {Subcommittee on Science,
		Technology, and Space}",
	year=1987,
	month=jan,
	day=22,
	address="Washington, D.C.",
	publisher="United States Government Printing Office",
}

@book{househearings,
	title={Investigation of the {\em Challenger}
		Accident; Hearings Before the Committee on Science
		and Technology; House of Representatives;
		Ninety-Ninth Congress, Second Session; June 10, 11,
		12, 17, 18, 25, 1986},
	author="{U.S. House of Representatives}, {Committee on
		Science and Technology}",
	volume="1--2",
	year=1986,
	publisher="United States Government Printing Office",
	address="Washington, D.C.",
}

@book{redesigned,
	title={Tests of the Redesigned Solid Rocket Motor
		Program; Hearing Before the Subcommittee on Space
		Science and Applications of the Committee on
		Science, Space, and Technology; U.S. House of
		Representatives; One Hundredth Congress, Second
		Session; January 27, 1988},
	author="{U.S. House of Representatives},
		{Subcommittee on Space Science and Applications}",
	year=1988,
	publisher="United States Government Printing
		Office",
	address="Washington, D.C.",
}

@book{nasaresponse,
	title={NASA's Response to the Committee's
		Investigation of the ``Challenger'' Accident;
		Hearing Before the Committee on Science, Space, and
		Technology; U.S. House of Representatives; One
		Hundredth Congress, First Session; February 26,
		1987},
	author="{U.S. House of Representatives},
		{Committee on Science, Space, and
		Technology}",
	year=1987,
	publisher="United States Government Printing
		Office",
	address="Washington, D.C.",
}

@article{odds,
	title={Challenger:  Fine-Tuning the Odds Until
		Something Breaks},
	author="William H. Starbuck and Frances J.
		Milliken",
	journal="Journal of Management Studies",
	volume=25,
	number=4,
	year=1988,
	month=jul,
	pages="pp. 319--340",
}

@article{aviation51l,
	title={Shuttle 51-L Loss},
	journal="Aviation Week and Space Technology",
	month=feb,
	day=10,
	year=1986,
}

@book{gao86,
	title={Space Shuttle:  NASA's Procurement of Solid
	Rocket Booster Motors},
	author="{General Accounting Office},{National
	Security and International Affairs Division}",
	publisher="General Accounting Office",
	address="Washington, D.C.",
	month=aug,
	day=26,
	year=1986,
	note="NSIAD-86-194",
}

@book{gao89,
	title={Space Shuttle:  Follow-up Evalution of NASA's
	Solid Rocket Motor Procurement},
	author="{General Accounting Office},{National
	Security and International Affairs Division}",
	publisher="General Accounting Office",
	address="Washington, D.C.",
	month=may,
	day=23,
	year=1989,
	note="NSIAD-89-89",
}

@book{gaoexternal,
	title={Space Shuttle:  External Tank Procurement
		Does Not Comply With Competition in Contracting
		Act},
	author="{General Accounting Office},{National
		Security and International Affairs Division}",
	publisher="General Accounting Office",
	address="Washington, D.C.",
	month=dec,
	day=28,
	year=1988,
	note="NSIAD-89-62",
}

@article{wsjmorton,
	title={Analysts See No Severe Impact on Morton If
		Rocket Is Faulted in Shuttle Disaster},
	author="Frank E. James",
	journal="Wall Street Journal",
	month=feb,
	year=1986,
	day=4,
	pages="p. 2",
	note="Tuesday, February 4, 1986",
}

@article{nytbooster,
	title={Data Said to Show Quick Power Drop Just
		Before Blast},
	author="Richart Witkin",
	journal="New York Times",
	month=feb,
	year=1986,
	day=1,
	pages="pp. 1,10",
	note="Saturday, February 1, 1986",
}

@article{nytexternal,
	title={How Could the Blast Happen?  Suspicions Focus
		on Craft's External Fuel Tank},
	author="Malcolm W. Browne",
	journal="New York Times",
	month=jan,
	day=29,
	year=1986,
	pages="pp. A1,A4",
	note="Wednesday, January 29, 1986",
}

@article{wsjfirms,
	title={Aerospace Firms Brace for Costly Impact Of
		Space-Program Delay After Explosion},
	author="Harris, Jr., Roy and J. Ernest Beazley",
	journal="Wall Street Journal",
	month=jan,
	year=1986,
	day=29,
	pages="p. 20",
	note="Wednesday, January 29, 1986",
}

@article{bw,
	title={Morton Thiokol:  Reflections on the Shuttle
		Disaster},
	author="Judith H. Dobrzynski",
	journal="Business Week",
	month=mar,
	day=14,
	year=1988,
	pages="pp. 82--91",
	note="March 14, 1988",
}

@article{noasrms,
	title={Thiokol Drops Out of Bidding For Advanced
		Shuttle Solid Rocket},
	journal="Aviation Week and Space Technology",
	month=jun,
	day=13,
	year=1988,
	pages="p. 19",
	note="June 13, 1988",
}

@article{vlrockwell,
	title={Rockwell Int'n},
	author="Kevin Clark and Morton L. Siegel",
	journal="Value Line Investment Survey",
	note="July 18, 1986",
	month=jul,
	year=1986,
	pages="p. 576",
}

@article{vlmti,
	title={Morton Thiokol},
	author="Stephen E. Grant",
	journal="Value Line Investment Survey",
	note="January 8, 1988",
	month=jan,
	year=1988,
	pages="p. 516",
}

@article{vlmti486,
	title={Morton Thiokol},
	author="Stephen E. Grant",
	journal="Value Line Investment Survey",
	note="April 11, 1986",
	month=apr,
	year=1986,
	pages="p. 520",
}	

@article{vllock786,
	title={Lockheed},
	author="Morton L. Siegel",
	journal="Value Line Investment Survey",
	note="July 18, 1986",
	month=jul,
	year=1986,
	pages="p. 568",
}
